% ------------------------------------------------------------------------
% BIBLIOGRAFIA
% ------------------------------------------------------------------------

@BOOK{legierski,
  AUTHOR =       {Tadeusz Legierski AND Janusz Wyrwał AND Jerzy Kasprzyk AND Janusz Hajda},
  TITLE =        {Programowanie Sterowników PLC},
  PUBLISHER =    {Wydawnictwo Pracowni Komputerowej Jacka Skalmierskiego},
  LOCATION = 	 {Gliwice},
  YEAR =         {1998},
}

@online{www1,
  TITLE =        {Strona internetowa firmy SELS},
  URL =    		 {http://www.sels.com.pl/index.php?cPath=1},
  URLDATE =		 {2012-10-29}
}

@online{www2,
	TITLE =        {Strona internetowa TexLive},
	URL =    		 {https://www.tug.org/texlive/acquire-netinstall.html},
	URLDATE =		 {2022-10-08}
}

@online{www3,
	TITLE =        {Strona internetowa TeXstudio},
	URL =    		 {https://www.texstudio.org},
	URLDATE =		 {2022-10-08}
}

@online(
	doc_compose,
	title = {Dokumentacja Jetpack Compose},
	url = {https://developer.android.com/compose},
)

@online(
	doc_ktaglib,
	title = {Dokumentacja KTagLib},
	url = {https://github.com/timusus/KTagLib},
)

@online(
	doc_audioproc,
	title = {Dokumentacja modułu AudioProcessor},
	url = {https://developer.android.com/reference/androidx/media3/common/audio/AudioProcessor},
)

@online(doc_mediaplayer,
	title = {Dokumentacja modułu MediaPlayer},
	url = {https://developer.android.com/media/platform/mediaplayer},
)

@online(doc_sensorapi,
	title = {Dokumentacja Sensor API},
	url = {https://developer.android.com/develop/sensors-and-location/sensors/sensors\_overview},
)
%
@online(doc_mediarecorder,
	title = {Dokumentacja modułu MediaRecorder},
	url = {https://developer.android.com/media/platform/mediarecorder},
)

@online(doc_media3,
	title = {Dokumentacja Biblioteki Media3},
	url = {https://developer.android.com/media/media3},
)

@online(doc_exoplayer,
	title = {Dokumentacja Modułu Exoplayer w Media3},
	url = {https://developer.android.com/media/media3/exoplayer},
)

@online(doc_room,
	title = {Dokumentacja Biblioteki Room},
	url = {https://developer.android.com/jetpack/androidx/releases/room},
)

@online(doc_hilt,
	title = {Dokumentacja Biblioteki Hilt},
	url = {https://developer.android.com/training/dependency-injection/hilt-android},
)
